%YAML 1.1
%TAG !u! tag:unity3d.com,2011:
--- !u!1 &2057345920627022096
GameObject:
  m_ObjectHideFlags: 0
  m_CorrespondingSourceObject: {fileID: 0}
  m_PrefabInstance: {fileID: 0}
  m_PrefabAsset: {fileID: 0}
  serializedVersion: 6
  m_Component:
  - component: {fileID: 3602659287609252231}
  m_Layer: 0
  m_Name: CHIMERA_
  m_TagString: Untagged
  m_Icon: {fileID: 0}
  m_NavMeshLayer: 0
  m_StaticEditorFlags: 0
  m_IsActive: 1
--- !u!4 &3602659287609252231
Transform:
  m_ObjectHideFlags: 0
  m_CorrespondingSourceObject: {fileID: 0}
  m_PrefabInstance: {fileID: 0}
  m_PrefabAsset: {fileID: 0}
  m_GameObject: {fileID: 2057345920627022096}
  m_LocalRotation: {x: 0.00000006815192, y: 0.000000068151884, z: 0.7071063, w: 0.70710725}
  m_LocalPosition: {x: 8.0321786e-23, y: 4.1953683, z: -1.956892}
  m_LocalScale: {x: 0.99999994, y: 0.99999994, z: 0.99999994}
  m_Children: []
  m_Father: {fileID: 7904955803876785402}
  m_RootOrder: 0
  m_LocalEulerAnglesHint: {x: 0, y: 0, z: 0}
--- !u!1 &4078908979780013833
GameObject:
  m_ObjectHideFlags: 0
  m_CorrespondingSourceObject: {fileID: 0}
  m_PrefabInstance: {fileID: 0}
  m_PrefabAsset: {fileID: 0}
  serializedVersion: 6
  m_Component:
  - component: {fileID: 7684736771949517264}
  - component: {fileID: 2740807416005959386}
  - component: {fileID: 1741870755721680776}
  m_Layer: 0
  m_Name: SK_Manticora
  m_TagString: Untagged
  m_Icon: {fileID: 0}
  m_NavMeshLayer: 0
  m_StaticEditorFlags: 0
  m_IsActive: 1
--- !u!4 &7684736771949517264
Transform:
  m_ObjectHideFlags: 0
  m_CorrespondingSourceObject: {fileID: 0}
  m_PrefabInstance: {fileID: 0}
  m_PrefabAsset: {fileID: 0}
  m_GameObject: {fileID: 4078908979780013833}
  m_LocalRotation: {x: -0.7071068, y: 0, z: -0, w: 0.7071068}
  m_LocalPosition: {x: -0.000001550293, y: 0, z: 0}
  m_LocalScale: {x: 1, y: 1, z: 1}
  m_Children: []
  m_Father: {fileID: 7904955803876785402}
  m_RootOrder: 1
  m_LocalEulerAnglesHint: {x: 0, y: 0, z: 0}
--- !u!33 &2740807416005959386
MeshFilter:
  m_ObjectHideFlags: 0
  m_CorrespondingSourceObject: {fileID: 0}
  m_PrefabInstance: {fileID: 0}
  m_PrefabAsset: {fileID: 0}
  m_GameObject: {fileID: 4078908979780013833}
  m_Mesh: {fileID: -5840409454264251974, guid: 3d58d35e78b9f834ab0fb28c8eb0fbac, type: 3}
--- !u!23 &1741870755721680776
MeshRenderer:
  m_ObjectHideFlags: 0
  m_CorrespondingSourceObject: {fileID: 0}
  m_PrefabInstance: {fileID: 0}
  m_PrefabAsset: {fileID: 0}
  m_GameObject: {fileID: 4078908979780013833}
  m_Enabled: 1
  m_CastShadows: 1
  m_ReceiveShadows: 1
  m_DynamicOccludee: 1
  m_MotionVectors: 1
  m_LightProbeUsage: 1
  m_ReflectionProbeUsage: 1
  m_RenderingLayerMask: 1
  m_RendererPriority: 0
  m_Materials:
  - {fileID: 2100000, guid: b5c7ee4f57844024c92f1d1e5b567f05, type: 2}
  m_StaticBatchInfo:
    firstSubMesh: 0
    subMeshCount: 0
  m_StaticBatchRoot: {fileID: 0}
  m_ProbeAnchor: {fileID: 0}
  m_LightProbeVolumeOverride: {fileID: 0}
  m_ScaleInLightmap: 1
  m_ReceiveGI: 1
  m_PreserveUVs: 0
  m_IgnoreNormalsForChartDetection: 0
  m_ImportantGI: 0
  m_StitchLightmapSeams: 1
  m_SelectedEditorRenderState: 3
  m_MinimumChartSize: 4
  m_AutoUVMaxDistance: 0.5
  m_AutoUVMaxAngle: 89
  m_LightmapParameters: {fileID: 0}
  m_SortingLayerID: 0
  m_SortingLayer: 0
  m_SortingOrder: 0
--- !u!1 &6624604506454363881
GameObject:
  m_ObjectHideFlags: 0
  m_CorrespondingSourceObject: {fileID: 0}
  m_PrefabInstance: {fileID: 0}
  m_PrefabAsset: {fileID: 0}
  serializedVersion: 6
  m_Component:
  - component: {fileID: 7904955803876785402}
  - component: {fileID: 233633758805774720}
  - component: {fileID: -8950734580542709318}
  - component: {fileID: 455244442505916686}
  m_Layer: 0
  m_Name: Pulley Resistance w_branch
  m_TagString: Untagged
  m_Icon: {fileID: 0}
  m_NavMeshLayer: 0
  m_StaticEditorFlags: 0
  m_IsActive: 1
--- !u!4 &7904955803876785402
Transform:
  m_ObjectHideFlags: 0
  m_CorrespondingSourceObject: {fileID: 0}
  m_PrefabInstance: {fileID: 0}
  m_PrefabAsset: {fileID: 0}
  m_GameObject: {fileID: 6624604506454363881}
  m_LocalRotation: {x: 0.5067862, y: -0, z: -0, w: 0.86207175}
  m_LocalPosition: {x: 0, y: 0, z: 0}
  m_LocalScale: {x: 0.09918535, y: 0.09918535, z: 0.09918535}
  m_Children:
  - {fileID: 3602659287609252231}
  - {fileID: 7684736771949517264}
  - {fileID: 8694335923224246592}
  m_Father: {fileID: 0}
  m_RootOrder: 0
  m_LocalEulerAnglesHint: {x: 60.9, y: 0, z: 0}
--- !u!95 &233633758805774720
Animator:
  serializedVersion: 3
  m_ObjectHideFlags: 0
  m_CorrespondingSourceObject: {fileID: 0}
  m_PrefabInstance: {fileID: 0}
  m_PrefabAsset: {fileID: 0}
  m_GameObject: {fileID: 6624604506454363881}
  m_Enabled: 1
  m_Avatar: {fileID: 9000000, guid: 3d58d35e78b9f834ab0fb28c8eb0fbac, type: 3}
  m_Controller: {fileID: 0}
  m_CullingMode: 0
  m_UpdateMode: 0
  m_ApplyRootMotion: 0
  m_LinearVelocityBlending: 0
  m_WarningMessage: 
  m_HasTransformHierarchy: 1
  m_AllowConstantClipSamplingOptimization: 1
  m_KeepAnimatorControllerStateOnDisable: 0
--- !u!114 &-8950734580542709318
MonoBehaviour:
  m_ObjectHideFlags: 0
  m_CorrespondingSourceObject: {fileID: 0}
  m_PrefabInstance: {fileID: 0}
  m_PrefabAsset: {fileID: 0}
  m_GameObject: {fileID: 6624604506454363881}
  m_Enabled: 1
  m_EditorHideFlags: 0
  m_Script: {fileID: 11500000, guid: b6ef091c5d7b10b4e8ce1cae5071be6d, type: 3}
  m_Name: 
  m_EditorClassIdentifier: 
  pickUpKey: 101
  flowerType: 0
  flower: {fileID: 5688932182649998163}
--- !u!135 &455244442505916686
SphereCollider:
  m_ObjectHideFlags: 0
  m_CorrespondingSourceObject: {fileID: 0}
  m_PrefabInstance: {fileID: 0}
  m_PrefabAsset: {fileID: 0}
  m_GameObject: {fileID: 6624604506454363881}
  m_Material: {fileID: 0}
  m_IsTrigger: 1
  m_Enabled: 1
  serializedVersion: 2
  m_Radius: 7.1971126
  m_Center: {x: 0.39887288, y: 10.213312, z: 5.3122334}
--- !u!1001 &7782387941846475656
PrefabInstance:
  m_ObjectHideFlags: 0
  serializedVersion: 2
  m_Modification:
    m_TransformParent: {fileID: 7904955803876785402}
    m_Modifications:
    - target: {fileID: 1488691381520571080, guid: 9c070c0221e7fb6459ebe6bcf84402c3,
        type: 3}
      propertyPath: m_LocalPosition.x
      value: 0.060613416
      objectReference: {fileID: 0}
    - target: {fileID: 1488691381520571080, guid: 9c070c0221e7fb6459ebe6bcf84402c3,
        type: 3}
      propertyPath: m_LocalPosition.y
      value: 6.5629067
      objectReference: {fileID: 0}
    - target: {fileID: 1488691381520571080, guid: 9c070c0221e7fb6459ebe6bcf84402c3,
        type: 3}
      propertyPath: m_LocalPosition.z
      value: 3.8605804
      objectReference: {fileID: 0}
    - target: {fileID: 1488691381520571080, guid: 9c070c0221e7fb6459ebe6bcf84402c3,
        type: 3}
      propertyPath: m_LocalRotation.x
      value: 0.25122482
      objectReference: {fileID: 0}
    - target: {fileID: 1488691381520571080, guid: 9c070c0221e7fb6459ebe6bcf84402c3,
        type: 3}
      propertyPath: m_LocalRotation.y
      value: 0
      objectReference: {fileID: 0}
    - target: {fileID: 1488691381520571080, guid: 9c070c0221e7fb6459ebe6bcf84402c3,
        type: 3}
      propertyPath: m_LocalRotation.z
      value: -0
      objectReference: {fileID: 0}
    - target: {fileID: 1488691381520571080, guid: 9c070c0221e7fb6459ebe6bcf84402c3,
        type: 3}
      propertyPath: m_LocalRotation.w
      value: 0.9679288
      objectReference: {fileID: 0}
    - target: {fileID: 1488691381520571080, guid: 9c070c0221e7fb6459ebe6bcf84402c3,
        type: 3}
      propertyPath: m_RootOrder
      value: 2
      objectReference: {fileID: 0}
    - target: {fileID: 1488691381520571080, guid: 9c070c0221e7fb6459ebe6bcf84402c3,
        type: 3}
      propertyPath: m_LocalEulerAnglesHint.x
      value: 90
      objectReference: {fileID: 0}
    - target: {fileID: 1488691381520571080, guid: 9c070c0221e7fb6459ebe6bcf84402c3,
        type: 3}
      propertyPath: m_LocalEulerAnglesHint.y
      value: 0
      objectReference: {fileID: 0}
    - target: {fileID: 1488691381520571080, guid: 9c070c0221e7fb6459ebe6bcf84402c3,
        type: 3}
      propertyPath: m_LocalEulerAnglesHint.z
      value: 0
      objectReference: {fileID: 0}
    - target: {fileID: 1488691381520571080, guid: 9c070c0221e7fb6459ebe6bcf84402c3,
        type: 3}
      propertyPath: m_LocalScale.x
      value: 72.815186
      objectReference: {fileID: 0}
    - target: {fileID: 1488691381520571080, guid: 9c070c0221e7fb6459ebe6bcf84402c3,
        type: 3}
      propertyPath: m_LocalScale.y
      value: 72.815216
      objectReference: {fileID: 0}
    - target: {fileID: 1488691381520571080, guid: 9c070c0221e7fb6459ebe6bcf84402c3,
        type: 3}
      propertyPath: m_LocalScale.z
      value: 72.815216
      objectReference: {fileID: 0}
    - target: {fileID: 2518564649279875291, guid: 9c070c0221e7fb6459ebe6bcf84402c3,
        type: 3}
      propertyPath: m_Name
      value: PulleyResistanceFlower
      objectReference: {fileID: 0}
    - target: {fileID: 6263339942961375465, guid: 9c070c0221e7fb6459ebe6bcf84402c3,
        type: 3}
      propertyPath: m_IsActive
      value: 1
      objectReference: {fileID: 0}
    m_RemovedComponents:
    - {fileID: 6263339943190190870, guid: 9c070c0221e7fb6459ebe6bcf84402c3, type: 3}
  m_SourcePrefab: {fileID: 100100000, guid: 9c070c0221e7fb6459ebe6bcf84402c3, type: 3}
--- !u!1 &5688932182649998163 stripped
GameObject:
  m_CorrespondingSourceObject: {fileID: 2518564649279875291, guid: 9c070c0221e7fb6459ebe6bcf84402c3,
    type: 3}
  m_PrefabInstance: {fileID: 7782387941846475656}
  m_PrefabAsset: {fileID: 0}
--- !u!4 &8694335923224246592 stripped
Transform:
  m_CorrespondingSourceObject: {fileID: 1488691381520571080, guid: 9c070c0221e7fb6459ebe6bcf84402c3,
    type: 3}
  m_PrefabInstance: {fileID: 7782387941846475656}
  m_PrefabAsset: {fileID: 0}
